@book{datorteknik,
author="Mats Brorsson",
title="Datorsystem Program- och Maskinvara",
publisher="Studentlitteratur",
year="1999"}

@book{artofassembly,
title="The Art of Assembly 16-bit DOS version",
author="Randall Hyde",
year="1996"}

@book{assemblylanguagex86,
title="Assembly Language for x86 Processors 6th edition",
author="Kip R. Irvine",
year="2010",
publisher="Pearson Education Inc."}

@article{prng,
title="Code Obfuscation Using Pseudo-Random Number Generators",
author="John Aycock, Juan Manuel Guti\'{e}rrez C\'{a}rdenas, Daniel Medeiros Nunes de Castro",
journal="Computational Science and Engineering",
volume="3",
year="2009"
}

@article{chf,
  author = {Aycock, John and deGraaf, Rennie and Jr., Michael J. Jacobson},
journal = "Journal in Computer Virology",
title = "Anti-disassembly using Cryptographic Hash Functions",
volume ="2",
year = "2006"
}

@inproceedings{instructionembedding,
author = "LeDoux, Charles and Sharkey, Michael and Primeaux, Brandon and Miles, Craig",
  booktitle = "ACM Southeast Regional Conference",
title = {Instruction embedding for improved obfuscation.},
year = "2012"
}

@article{instructionoverlapping,
author={Christopher J\"{a}mthagen, Patrik Lantz, Martin Hell},
title="A new instruction overlapping technique for anti-disassembly and obfuscation of x86 binaries",
year="2013"
}

@misc {bittwiddling,
title="x86 Instruction Encoding Revealed: Bit Twiddling for Fun and Profit",
author="Nitay Artenstein",
howpublished={\url{http://www.codeproject.com/Articles/662301/x86-Instruction-Encoding-Revealed-Bit-Twiddling-fo}},
year="2013",
collected="10 February 2014"}

@misc{x86quickguide,
author={Adam Ferrari, Alan Batson, Mike Lack},
title="x86 Assembly Guide",
howpublished={\url{http://www.cs.virginia.edu/~evans/cs216/guides/x86.html}},
year="2014",
collected="20 January 2014"}

@misc{objdump,
title="GNU disassembler objdump",
howpublished={\url{https://sourceware.org/binutils/docs/binutils/objdump.html}},
year="2014"
}


@misc{cpp,
title="C++",
howpublished={\url{http://www.cplusplus.com}},
year="2014"
}

@misc{udis,
title="Udis86",
howpublished={\url{http://udis86.sourceforge.net/}},
year="2014"
}

@misc{libemu,
title="Libemu",
howpublished={\url{http://libemu.carnivore.it/}},
year="2014"
}

@misc{syscall,
title="Linux kernel system calls",
howpublished={\url{http://asm.sourceforge.net/syscall.html#p31}},
year="2014"
}

@misc{nasm,
title="nasm - The netwide assembler",
howpublished={\url{http://www.nasm.us/}},
year="2014"
}